<record><leader>00000cas a2200000 a 4500</leader><controlfield tag="001">11124006</controlfield><controlfield tag="008">840906d18141816kyuwr ne      0    0eng d</controlfield><datafield ind1=" " ind2=" " tag="010"><subfield code="a">sn 84037918 </subfield></datafield><datafield ind1=" " ind2=" " tag="040"><subfield code="a">AQM</subfield><subfield code="b">eng</subfield><subfield code="c">AQM</subfield><subfield code="d">NPX</subfield><subfield code="d">KNP</subfield><subfield code="d">DLC</subfield><subfield code="d">KNP</subfield><subfield code="d">OCL</subfield><subfield code="d">NYS</subfield><subfield code="d">OCLCG</subfield><subfield code="d">OCLCF</subfield><subfield code="d">OCLCO</subfield></datafield><datafield ind1=" " ind2=" " tag="042"><subfield code="a">msc</subfield></datafield><datafield ind1="0" ind2=" " tag="130"><subfield code="a">Minerva (Georgetown, Ky.)</subfield></datafield><datafield ind1="0" ind2="4" tag="245"><subfield code="a">The Minerva.</subfield></datafield><datafield ind1=" " ind2=" " tag="260"><subfield code="a">Georgetown, Ky. :</subfield><subfield code="b">Henderson &amp; Chambers,</subfield></datafield><datafield ind1=" " ind2=" " tag="300"><subfield code="a">v.</subfield></datafield><datafield ind1=" " ind2=" " tag="310"><subfield code="a">Weekly</subfield></datafield><datafield ind1="1" ind2=" " tag="362"><subfield code="a">Began in 1814?</subfield><subfield code="z">Cf. Brigham, C.S.  Amer. newspapers.</subfield></datafield><datafield ind1="1" ind2=" " tag="362"><subfield code="a">Ceased in 1816.</subfield><subfield code="z">Cf. NIM.</subfield></datafield><datafield ind1=" " ind2=" " tag="500"><subfield code="a">Publishers: Henderson &amp; Chambers, &lt;1814&gt;; Thomas Henderson, &lt;1815&gt;.</subfield></datafield><datafield ind1=" " ind2=" " tag="500"><subfield code="a">Last issue located: Vol. 3, no. 20 (Feb. 18, 1815). Cf. Brigham, C.S.  Amer. newspapers.</subfield></datafield><datafield ind1=" " ind2="0" tag="651"><subfield code="a">Georgetown (Ky.)</subfield><subfield code="v">Newspapers.</subfield></datafield><datafield ind1=" " ind2="0" tag="651"><subfield code="a">Scott County (Ky.)</subfield><subfield code="v">Newspapers.</subfield></datafield><datafield ind1=" " ind2="7" tag="655"><subfield code="a">Newspapers.</subfield><subfield code="2">fast</subfield><subfield code="0">(OCoLC)fst01423814</subfield></datafield><datafield ind1=" " ind2="7" tag="651"><subfield code="a">Kentucky</subfield><subfield code="z">Georgetown.</subfield><subfield code="2">fast</subfield><subfield code="0">(OCoLC)fst01219886</subfield></datafield><datafield ind1=" " ind2="7" tag="651"><subfield code="a">Kentucky</subfield><subfield code="z">Scott County.</subfield><subfield code="2">fast</subfield><subfield code="0">(OCoLC)fst01209896</subfield></datafield><datafield ind1="1" ind2=" " tag="700"><subfield code="a">Chambers, Benjamin S.</subfield></datafield><datafield ind1="1" ind2=" " tag="700"><subfield code="a">Henderson, Thomas,</subfield><subfield code="d">1781-1846.</subfield></datafield><datafield ind1=" " ind2=" " tag="752"><subfield code="a">United States</subfield><subfield code="b">Kentucky</subfield><subfield code="c">Scott</subfield><subfield code="d">Georgetown.</subfield></datafield><datafield ind1="0" ind2="0" tag="780"><subfield code="t">Telegraph (Georgetown, Ky. : 1811)</subfield><subfield code="w">(DLC)sn 83025775</subfield><subfield code="w">(OCoLC)9794036</subfield></datafield></record>